@article{einstein,
    author =       "Albert Einstein",
    title =        "{Zur Elektrodynamik bewegter K{\"o}rper}. ({German})
        [{On} the electrodynamics of moving bodies]",
    journal =      "Annalen der Physik",
    volume =       "322",
    number =       "10",
    pages =        "891--921",
    year =         "1905",
    DOI =          "http://dx.doi.org/10.1002/andp.19053221004"
}

@article{Venkataraman,
author = {Venkataraman, Anand},
title = {A {S}tatistical {M}odel for Word {D}iscovery in {T}ranscribed {S}peech},
year = {2001},
issue_date = {September 2001},
publisher = {MIT Press},
address = {Cambridge, MA, USA},
volume = {27},
number = {3},
issn = {0891-2017},
abstract = {A statistical model for segmentation and word discovery in continuous speech is presented. An incremental unsupervised learning algorithm to infer word boundaries based on this model is described. Results are also presented of empirical tests showing that the algorithm is competitive with other models that have been used for similar tasks.},
journal = {Comput. Linguist.},
month = sep,
pages = {352â€“372},
numpages = {21}
}

@article{GOLDWATER200921,
title = "A Bayesian framework for word segmentation: {E}xploring the effects of context",
journal = "Cognition",
volume = "112",
number = "1",
pages = "21 - 54",
year = "2009",
issn = "0010-0277",
doi = "https://doi.org/10.1016/j.cognition.2009.03.008",
url = "http://www.sciencedirect.com/science/article/pii/S0010027709000675",
author = "Sharon Goldwater and Thomas L. Griffiths and Mark Johnson",
keywords = "Computational modeling, Bayesian, Language acquisition, Word segmentation"
}

@article{Saffran1996,
title = "Statistical learning by 8-month-old infants",
journal = "Science",
volume = "274",
number = "5294",
pages = "1926 - 1928",
year = "1996",
doi = "http://linguistics.berkeley.edu/~kjohnson/ling290e/saffran_et_al_1996.pdf",
url = "http://www.sciencedirect.com/science/article/pii/S0010027709000675",
author = "Saffran, J. R. and Aslin, R. N. and Newport, E. L."
}

@inproceedings{Goodman2014ConceptsIA,
  title={Concepts in a {P}robabilistic {L}anguage of {T}hought},
  author={Noah D. Goodman and J. Tenenbaum and Tobias Gerstenberg},
  year={2014}
}

@article{Goodmand&Tenenbaum2016,
title = "The logical primitives of thought: {E}mpirical foundations for compositional cognitive models",
journal = "Psychological Review",
volume = "123",
number = "4",
pages = "392-424",
year = "2016",
doi = "doi/10.1037/a0039980",
url = "https://psycnet.apa.org/doi/10.1037/a0039980",
author = "Piantadosi, S. T. and Tenenbaum, J. B. and Goodman, N. D."
}

@article{Tenenbaum2012,
title = "Bootstrapping in a language of thought: a formal model of numerical concept learning.",
journal = "Cognition",
volume = "123",
number = "2",
pages = "199-217",
year = "2012",
doi = "doi/10.1016/j.cognition.2011.11.005",
author = "Piantadosi, S. T. and Tenenbaum, J. B. and Goodman, N. D."
}

@book{segaran_hammerbacher_2009, place={Beijing}, title={Beautiful {D}ata:}, publisher={OReilly}, author={Segaran, Toby and Hammerbacher, Jeff}, year={2009}}

@ARTICLE{viterbi,
  author={G. D. {Forney}},
  journal={Proceedings of the IEEE}, 
  title={The {V}iterbi {A}lgorithm}, 
  year={1973},
  volume={61},
  number={3},
  pages={268-278},
  doi={10.1109/PROC.1973.9030}}
 
@article{Brent,
author = {Brent, Michael},
year = {1999},
pages = {},
title = {An {E}fficient, {P}robabilistically {S}ound {A}lgorithm for {S}egmentation and {W}ord {D}iscovery},
volume = {34},
journal = {Machine Learning},
doi = {10.1023/A:1007541817488}
}

@inproceedings{Johnson2007BayesianIF,
  title={Bayesian {I}nference for {PCFG}s via {M}arkov {C}hain {M}onte {C}arlo},
  author={Mark Johnson and T. Griffiths and S. Goldwater},
  booktitle={HLT-NAACL},
  year={2007}
}